@article{numpy,
  Author = {{Van der Walt}, {Stefan} and Colbert, S. Chris and Varoquaux, Gael},
  Date-Added = {2017-05-30 18:01:17 +0000},
  Date-Modified = {2017-05-30 18:01:17 +0000},
  Doi = {http://dx.doi.org/10.1109/MCSE.2011.37},
  Journal = {{Computing in Science \& Engineering}},
  Number = {2},
  Pages = {22-30},
  Title = {The NumPy Array: A Structure for Efficient Numerical Computation},
  Url = {http://scitation.aip.org/content/aip/journal/cise/13/2/10.1109/MCSE.2011.37},
  Volume = {13},
  Year = {2011},
  Bdsk-Url-1 = {http://scitation.aip.org/content/aip/journal/cise/13/2/10.1109/MCSE.2011.37},
  Bdsk-Url-2 = {http://dx.doi.org/10.1109/MCSE.2011.37}}

@Article{matplotlib,
  Author    = {Hunter, J. D.},
  Title     = {Matplotlib: A 2D graphics environment},
  Journal   = {Computing In Science \& Engineering},
  Volume    = {9},
  Number    = {3},
  Pages     = {90--95},
  abstract  = {Matplotlib is a 2D graphics package used for Python
  for application development, interactive scripting, and
  publication-quality image generation across user
  interfaces and operating systems.},
  publisher = {IEEE COMPUTER SOC},
  doi = {10.1109/MCSE.2007.55},
  year      = 2007
}

@ARTICLE{2019arXiv190710121V,
       author = {{Virtanen}, Pauli and {Gommers}, Ralf and {Oliphant},
         Travis E. and {Haberland}, Matt and {Reddy}, Tyler and
         {Cournapeau}, David and {Burovski}, Evgeni and {Peterson}, Pearu
         and {Weckesser}, Warren and {Bright}, Jonathan and {van der Walt},
         St{\'e}fan J.  and {Brett}, Matthew and {Wilson}, Joshua and
         {Jarrod Millman}, K.  and {Mayorov}, Nikolay and {Nelson}, Andrew
         R.~J. and {Jones}, Eric and {Kern}, Robert and {Larson}, Eric and
         {Carey}, CJ and {Polat}, {\.I}lhan and {Feng}, Yu and {Moore},
         Eric W. and {Vand erPlas}, Jake and {Laxalde}, Denis and
         {Perktold}, Josef and {Cimrman}, Robert and {Henriksen}, Ian and
         {Quintero}, E.~A. and {Harris}, Charles R and {Archibald}, Anne M.
         and {Ribeiro}, Ant{\^o}nio H. and {Pedregosa}, Fabian and
         {van Mulbregt}, Paul and {Contributors}, SciPy 1. 0},
        title = "{SciPy 1.0--Fundamental Algorithms for Scientific
                  Computing in Python}",
      journal = {arXiv e-prints},
         year = "2019",
        month = "Jul",
          eid = {arXiv:1907.10121},
        pages = {arXiv:1907.10121},
archivePrefix = {arXiv},
       eprint = {1907.10121},
 primaryClass = {cs.MS},
       adsurl = {https://ui.adsabs.harvard.edu/abs/2019arXiv190710121V},
      adsnote = {Provided by the SAO/NASA Astrophysics Data System}
}

@inproceedings{Lam2015NumbaAL,
  title={Numba: a LLVM-based Python JIT compiler},
  author={Siu Kwan Lam and Antoine Pitrou and Stanley Reid Seibert},
  booktitle={LLVM '15},
  year={2015}
}

@article{astropy:2013,
Adsnote = {Provided by the SAO/NASA Astrophysics Data System},
Adsurl = {http://adsabs.harvard.edu/abs/2013A%26A...558A..33A},
Archiveprefix = {arXiv},
Author = {{Astropy Collaboration} and {Robitaille}, T.~P. and {Tollerud}, E.~J. and {Greenfield}, P. and {Droettboom}, M. and {Bray}, E. and {Aldcroft}, T. and {Davis}, M. and {Ginsburg}, A. and {Price-Whelan}, A.~M. and {Kerzendorf}, W.~E. and {Conley}, A. and {Crighton}, N. and {Barbary}, K. and {Muna}, D. and {Ferguson}, H. and {Grollier}, F. and {Parikh}, M.~M. and {Nair}, P.~H. and {Unther}, H.~M. and {Deil}, C. and {Woillez}, J. and {Conseil}, S. and {Kramer}, R. and {Turner}, J.~E.~H. and {Singer}, L. and {Fox}, R. and {Weaver}, B.~A. and {Zabalza}, V. and {Edwards}, Z.~I. and {Azalee Bostroem}, K. and {Burke}, D.~J. and {Casey}, A.~R. and {Crawford}, S.~M. and {Dencheva}, N. and {Ely}, J. and {Jenness}, T. and {Labrie}, K. and {Lim}, P.~L. and {Pierfederici}, F. and {Pontzen}, A. and {Ptak}, A. and {Refsdal}, B. and {Servillat}, M. and {Streicher}, O.},
Doi = {10.1051/0004-6361/201322068},
Eid = {A33},
Eprint = {1307.6212},
Journal = {\aap},
Keywords = {methods: data analysis, methods: miscellaneous, virtual observatory tools},
Month = oct,
Pages = {A33},
Primaryclass = {astro-ph.IM},
Title = {{Astropy: A community Python package for astronomy}},
Volume = 558,
Year = 2013,
Bdsk-Url-1 = {https://dx.doi.org/10.1051/0004-6361/201322068}}

@article{astropy:2018,
Adsnote = {Provided by the SAO/NASA Astrophysics Data System},
Adsurl = {https://ui.adsabs.harvard.edu/#abs/2018AJ....156..123T},
Author = {{Price-Whelan}, A.~M. and {Sip{\H{o}}cz}, B.~M. and {G{\"u}nther}, H.~M. and {Lim}, P.~L. and {Crawford}, S.~M. and {Conseil}, S. and {Shupe}, D.~L. and {Craig}, M.~W. and {Dencheva}, N. and {Ginsburg}, A. and {VanderPlas}, J.~T. and {Bradley}, L.~D. and {P{\'e}rez-Su{\'a}rez}, D. and {de Val-Borro}, M. and {Paper Contributors}, (Primary and {Aldcroft}, T.~L. and {Cruz}, K.~L. and {Robitaille}, T.~P. and {Tollerud}, E.~J. and {Coordination Committee}, (Astropy and {Ardelean}, C. and {Babej}, T. and {Bach}, Y.~P. and {Bachetti}, M. and {Bakanov}, A.~V. and {Bamford}, S.~P. and {Barentsen}, G. and {Barmby}, P. and {Baumbach}, A. and {Berry}, K.~L. and {Biscani}, F. and {Boquien}, M. and {Bostroem}, K.~A. and {Bouma}, L.~G. and {Brammer}, G.~B. and {Bray}, E.~M. and {Breytenbach}, H. and {Buddelmeijer}, H. and {Burke}, D.~J. and {Calderone}, G. and {Cano Rodr{\'\i}guez}, J.~L. and {Cara}, M. and {Cardoso}, J.~V.~M. and {Cheedella}, S. and {Copin}, Y. and {Corrales}, L. and {Crichton}, D. and {D{\textquoteright}Avella}, D. and {Deil}, C. and {Depagne}, {\'E}. and {Dietrich}, J.~P. and {Donath}, A. and {Droettboom}, M. and {Earl}, N. and {Erben}, T. and {Fabbro}, S. and {Ferreira}, L.~A. and {Finethy}, T. and {Fox}, R.~T. and {Garrison}, L.~H. and {Gibbons}, S.~L.~J. and {Goldstein}, D.~A. and {Gommers}, R. and {Greco}, J.~P. and {Greenfield}, P. and {Groener}, A.~M. and {Grollier}, F. and {Hagen}, A. and {Hirst}, P. and {Homeier}, D. and {Horton}, A.~J. and {Hosseinzadeh}, G. and {Hu}, L. and {Hunkeler}, J.~S. and {Ivezi{\'c}}, {\v{Z}}. and {Jain}, A. and {Jenness}, T. and {Kanarek}, G. and {Kendrew}, S. and {Kern}, N.~S. and {Kerzendorf}, W.~E. and {Khvalko}, A. and {King}, J. and {Kirkby}, D. and {Kulkarni}, A.~M. and {Kumar}, A. and {Lee}, A. and {Lenz}, D. and {Littlefair}, S.~P. and {Ma}, Z. and {Macleod}, D.~M. and {Mastropietro}, M. and {McCully}, C. and {Montagnac}, S. and {Morris}, B.~M. and {Mueller}, M. and {Mumford}, S.~J. and {Muna}, D. and {Murphy}, N.~A. and {Nelson}, S. and {Nguyen}, G.~H. and {Ninan}, J.~P. and {N{\"o}the}, M. and {Ogaz}, S. and {Oh}, S. and {Parejko}, J.~K. and {Parley}, N. and {Pascual}, S. and {Patil}, R. and {Patil}, A.~A. and {Plunkett}, A.~L. and {Prochaska}, J.~X. and {Rastogi}, T. and {Reddy Janga}, V. and {Sabater}, J. and {Sakurikar}, P. and {Seifert}, M. and {Sherbert}, L.~E. and {Sherwood-Taylor}, H. and {Shih}, A.~Y. and {Sick}, J. and {Silbiger}, M.~T. and {Singanamalla}, S. and {Singer}, L.~P. and {Sladen}, P.~H. and {Sooley}, K.~A. and {Sornarajah}, S. and {Streicher}, O. and {Teuben}, P. and {Thomas}, S.~W. and {Tremblay}, G.~R. and {Turner}, J.~E.~H. and {Terr{\'o}n}, V. and {van Kerkwijk}, M.~H. and {de la Vega}, A. and {Watkins}, L.~L. and {Weaver}, B.~A. and {Whitmore}, J.~B. and {Woillez}, J. and {Zabalza}, V. and {Contributors}, (Astropy},
Doi = {10.3847/1538-3881/aabc4f},
Eid = {123},
Journal = {\aj},
Keywords = {methods: data analysis, methods: miscellaneous, methods: statistical, reference systems, Astrophysics - Instrumentation and Methods for Astrophysics},
Month = Sep,
Pages = {123},
Primaryclass = {astro-ph.IM},
Title = {{The Astropy Project: Building an Open-science Project and Status of the v2.0 Core Package}},
Volume = {156},
Year = 2018,
Bdsk-Url-1 = {https://doi.org/10.3847/1538-3881/aabc4f}}

@article{Einstein:1916vd,
      author         = "Einstein, Albert",
      title          = "{The Foundation of the General Theory of Relativity}",
      journal        = "Annalen Phys.",
      volume         = "49",
      year           = "1916",
      number         = "7",
      pages          = "769-822",
      doi            = "10.1002/andp.200590044, 10.1002/andp.19163540702",
      note           = "[Annalen Phys.14,517(2005); ,65(1916); Annalen
                        Phys.354,no.7,769(1916)]",
      SLACcitation   = "%%CITATION = ANPYA,49,769;%%"
}

@article{Schwarzschild:1916uq,
      author         = "Schwarzschild, Karl",
      title          = "{On the gravitational field of a mass point according to
                        Einstein's theory}",
      journal        = "Sitzungsber. Preuss. Akad. Wiss. Berlin (Math. Phys.)",
      volume         = "1916",
      year           = "1916",
      pages          = "189-196",
      eprint         = "physics/9905030",
      archivePrefix  = "arXiv",
      primaryClass   = "physics",
      SLACcitation   = "%%CITATION = PHYSICS/9905030;%%"
}

@article{Kerr:1963ud,
      author         = "Kerr, Roy P.",
      title          = "{Gravitational field of a spinning mass as an example of
                        algebraically special metrics}",
      journal        = "Phys. Rev. Lett.",
      volume         = "11",
      year           = "1963",
      pages          = "237-238",
      doi            = "10.1103/PhysRevLett.11.237",
      SLACcitation   = "%%CITATION = PRLTA,11,237;%%"
}


@article{Adamo:2014baa,
      author         = "Adamo, Tim and Newman, E. T.",
      title          = "{The Kerr-Newman metric: A Review}",
      journal        = "Scholarpedia",
      volume         = "9",
      year           = "2014",
      pages          = "31791",
      doi            = "10.4249/scholarpedia.31791",
      eprint         = "1410.6626",
      archivePrefix  = "arXiv",
      primaryClass   = "gr-qc",
      SLACcitation   = "%%CITATION = ARXIV:1410.6626;%%"
}

@misc{juan_luis_cano_rodriguez_2019_3588160,
  author       = {Juan Luis Cano Rodr√≠guez and
                  Antonio Hidalgo and
                  Shreyas Bapat and
                  Jorge and
                  Nikita Astrakhantsev and
                  Chatziargyriou Eleftheria and
                  Daniel Lubi√°n and
                  Alberto Lorenzo M√°rquez and
                  Emily Selwood and
                  Meu and
                  Pablo Rodr√≠guez Robles and
                  Helge Eichhorn and
                  Andrej Rode and
                  Himanshu Garg and
                  aOrionis and
                  Hrishikesh Goyal and
                  AntoniiaK and
                  Angala and
                  Ahmada Yusril and
                  Ole Streicher and
                  Iv√°n Castro Fern√°ndez and
                  Fabian P. Schmidt and
                  Divyansh Raina and
                  Ritiek Malhotra and
                  Matt Rossman and
                  Michael Pilosov and
                  Jonathan Erskine MEng and
                  Vedang Naik and
                  Sky and
                  Manuel Kaufmann},
  title        = {{poliastro/poliastro: poliastro 0.13.1 (Christmas 
                   '19 edition)}},
  month        = dec,
  year         = 2019,
  publisher    = {Zenodo},
  version      = {v0.13.1},
  doi          = {10.5281/zenodo.3588160},
  url          = {https://doi.org/10.5281/zenodo.3588160}
}


@article{doi:10.1063/1.1705193,
    author = {Boyer, Robert H. AND Lindquist, Richard W. },
    title = {Maximal Analytic Extension of the Kerr Metric},
    VOLUME = {8},
    NUMBER = {2},
    PAGES = {265-281},
    URL = { 
        https://doi.org/10.1063/1.1705193
    
},
    DOI = {10.1063/1.1705193},
    YEAR = {1967},
    JOURNAL = {Journal of Mathematical Physics},
}


@article{Bambi_2013,
   title={Can the supermassive objects at the centers of galaxies be traversable wormholes? The first test of strong gravity for mm/sub-mm very long baseline interferometry facilities},
   volume={87},
   ISSN={1550-2368},
   url={http://dx.doi.org/10.1103/PhysRevD.87.107501},
   DOI={10.1103/physrevd.87.107501},
   number={10},
   journal={Physical Review D},
   publisher={American Physical Society (APS)},
   author={Bambi, Cosimo},
   year={2013},
   month={May}
}


@article{Shaikh_2018,
   title={Shadows of spherically symmetric black holes and naked singularities},
   volume={482},
   ISSN={1365-2966},
   url={http://dx.doi.org/10.1093/mnras/sty2624},
   DOI={10.1093/mnras/sty2624},
   number={1},
   journal={Monthly Notices of the Royal Astronomical Society},
   publisher={Oxford University Press (OUP)},
   author={Shaikh, Rajibul and Kocherlakota, Prashant and Narayan, Ramesh and Joshi, Pankaj S},
   year={2018},
   month={Oct},
   pages={52‚Äì64}
}


